%%
%% To add a new bibliographic item under emacs, type M-x bib TAB TAB.
%% This will give you a list of possible entry types.  Click on the one
%% you want using the middle mouse button to get a clean entry.
%%
%% The optional fields have OPT in front of them: delete the OPT if you
%% fill in the field.
%%
%% Use double curly brackets {{}} when you want to maintain your own
%% capitalisation, otherwise bibtex will follow its own rules.
%%

% The Unicode Consortium.
% The Unicode Standard, Version 13.0, (Mountain View, CA: The Unicode Consortium, 2020. ISBN 978-1-936213-26-9)

@misc{unicode13,
    author = {The Unicode Consortium},
    title = {The Unicode Standard, Version 13.0},
    year = {2020},
    isbn = {9781936213269},
    address = {Mountain View, CA},
}

@article{scattergather,
author = {Hearst, Marti and Karger, David and O. Pedersen, Jan},
year = {1996},
month = {01},
pages = {},
title = {Scatter/Gather as a Tool for the Navigation of Retrieval Results}
}

@article{Carpineto:2012:SAQ:2071389.2071390,
 author = {Carpineto, Claudio and Romano, Giovanni},
 title = {A Survey of Automatic Query Expansion in Information Retrieval},
 journal = {ACM Comput. Surv.},
 issue_date = {January 2012},
 volume = {44},
 number = {1},
 month = jan,
 year = {2012},
 issn = {0360-0300},
 pages = {1:1--1:50},
 articleno = {1},
 numpages = {50},
 url = {http://doi.acm.org/10.1145/2071389.2071390},
 doi = {10.1145/2071389.2071390},
 acmid = {2071390},
 publisher = {ACM},
 address = {New York, NY, USA},
 keywords = {Query expansion, document ranking, pseudo-relevance feedback, query refinement, search, word associations},
} 


@article{Maron:1960:RPI:321033.321035,
 author = {Maron, M. E. and Kuhns, J. L.},
 title = {On Relevance, Probabilistic Indexing and Information Retrieval},
 journal = {J. ACM},
 issue_date = {July 1960},
 volume = {7},
 number = {3},
 month = jul,
 year = {1960},
 issn = {0004-5411},
 pages = {216--244},
 numpages = {29},
 url = {http://doi.acm.org/10.1145/321033.321035},
 doi = {10.1145/321033.321035},
 acmid = {321035},
 publisher = {ACM},
 address = {New York, NY, USA},
} 

@book{TRECAP,
    author = {Voorhees, Ellen and Harman, Donna},
    year = {2005},
    month = {01},
    pages = {},
    title = {TREC: Experiment and Evaluation in Information Retrieval},
    isbn = {9780262220736}
}

@Book{rountree98,
  author = 	 {Nathan Rountree},
  title = 	 {{How to do Anything}},
  publisher = 	 {{Non-existent Publishers}},
  year = 	 {1998},
  OPTkey = 	 {},
  OPTeditor = 	 {},
  OPTvolume = 	 {},
  OPTnumber = 	 {},
  OPTseries = 	 {},
  address = 	 {Dunedin, New Zealand},
  OPTedition = 	 {},
  OPTmonth = 	 {},
  OPTnote = 	 {},
  OPTannote = 	 {}
}


@InProceedings{amir97,
  author = 	 {Amihood Amir and Ronen Feldman and Reuven Kashi},
  title = 	 {{A New and Versatile Method for Association Generation}},
  booktitle = 	 {{Principles of Data Mining and Knowledge Engineering;
                   First European Symposium, PKDD'97}},
  OPTcrossref =  {},
  OPTkey = 	 {},
  editor = 	 {Jan Komorowsk and Jan Zytkow},
  OPTvolume = 	 {},
  OPTnumber = 	 {},
  OPTseries = 	 {},
  year = 	 {1997},
  OPTorganization = {},
  publisher = {Springer-Verlag},
  address = 	 {Trondheim, Norway},
  month = 	 {June},
  pages = 	 {221--231},
  OPTnote = 	 {},
  OPTannote = 	 {}
}


@Book{goosens94,
  author = 	 {Michael Goosens and Frank Mittelbach and Alexander Samarin},
  title = 	 {{The \LaTeX\ Companion}},
  publisher = 	 {Addison-Wesley},
  year = 	 {1994},
  OPTkey = 	 {},
  OPTeditor = 	 {},
  OPTvolume = 	 {},
  OPTnumber = 	 {},
  OPTseries = 	 {},
  OPTaddress = 	 {},
  edition = 	 {2nd},
  month = 	 {May},
  OPTnote = 	 {},
  OPTannote = 	 {}
}

% Zhao and Callan 2010
@inproceedings{Zhao:2010:TNP:1871437.1871474,
 author = {Zhao, L. and Callan, J.},
 title = {Term Necessity Prediction},
booktitle = {CIKM 2010},
 year = {2010},
 isbn = {978-1-4503-0099-5},
 location = {Toronto, ON, Canada},
 pages = {259--268},
 numpages = {10},
 acmid = {1871474},
 keywords = {ad-hoc retrieval models, mismatch, necessity, term weighting},
} 

% Furnas et al 1987
@article{Furnas:1987:VPH:32206.32212,
 author = {Furnas, G. W. and Landauer, T. K. and Gomez, L. M. and Dumais, S. T.},
 title = {The Vocabulary Problem in Human-system Communication},
 journal = {CACM},
 volume = {30},
 number = {11},
 year = {1987},
 issn = {0001-0782},
 pages = {964--971},
 numpages = {8},
 acmid = {32212},
 publisher = {ACM},
 address = {New York, NY, USA},
} 

% Mitra 1998
@inproceedings{Mitra:1998:IAQ:290941.290995,
 author = {Mitra, M. and Singhal, A. and Buckley, C.},
 title = {Improving Automatic Query Expansion},
 booktitle = {SIGIR '98},
 year = {1998},
 isbn = {1-58113-015-5},
 location = {Melbourne, Australia},
 pages = {206--214},
 numpages = {9},
 acmid = {290995},
} 

% Xu and Croft 2000
@article{Xu:2000:IEI:333135.333138,
 author = {Xu, J. and Croft, W. B.},
 title = {Improving the Effectiveness of Information Retrieval with Local Context Analysis},
 journal = {TOIS},
 year = {2000},
 volume = {18},
 number = {1},
 issn = {1046-8188},
 pages = {79--112},
 numpages = {34},
 acmid = {333138},
} 

% Justeson and Katz 1991
@article{JusteonKatz1991,
author = {Justeson, J. S. and Katz, S. M.},
year = {1991},
month = {01},
pages = {1-19},
title = {Co-occurrence of antonymous adjectives and their contexts},
volume = {17},
booktitle = {Computational Linguistics}
}

% Rocchio 1971 
@article{rocchio1971relevance,
  title={Relevance feedback in information retrieval},
  author={Rocchio, Joseph},
  journal={The Smart retrieval system-experiments in automatic document processing},
  pages={313--323},
  year={1971},
  publisher={Prentice Hall}
}

% Trotman 2004
@inproceedings{Trotman:2004:AIA:1008992.1009150,
 author = {Trotman, Andrew},
 title = {An Artificial Intelligence Approach to Information Retrieval (Abstract Only)},
 booktitle = {SIGIR '04},
 year = {2004},
 isbn = {1-58113-881-4},
 location = {Sheffield, United Kingdom},
 pages = {603--603},
 numpages = {1},
 acmid = {1009150},
}

% Krovetz 1992
@article{Krovetz:1992:LAI:146802.146810,
 author = {Krovetz, R. and Croft, W. B.},
 title = {Lexical Ambiguity and Information Retrieval},
 journal = {TOIS},
 issue_date = {April 1992},
 volume = {10},
 number = {2},
 month = apr,
 year = {1992},
 issn = {1046-8188},
 pages = {115--141},
 numpages = {27},
 acmid = {146810},
} 

% Sanderson 2000
@article{Sanderson:2000:RGS:593954.593976,
 author = {Sanderson, M.},
 title = {Retrieving with Good Sense},
 journal = {IRJ},
 issue_date = {February 2000},
 volume = {2},
 number = {1},
 month = feb,
 year = {2000},
 issn = {1386-4564},
 pages = {49--69},
 numpages = {21},
 acmid = {593976},
} 

% 27668467 
@Article{pmid27668467,
   Author="Lindberg, D. A.  and Humphreys, B. L.  and McCray, A. T. ",
   Title="{{T}he {U}nified {M}edical {L}anguage {S}ystem}",
   Journal="Yearb Med Inform",
   Year="1993",
   Number="1",
   Pages="41--51"
}

% 9452981 
@Article{pmid9452981,
   Author="Humphreys, B. L.  and Lindberg, D. A.  and Schoolman, H. M.  and Barnett, G. O. ",
   Title="{{T}he {U}nified {M}edical {L}anguage {S}ystem: an informatics research collaboration}",
   Journal="J Am Med Inform Assoc",
   Year="1998",
   Volume="5",
   Number="1",
   Pages="1--11"
}

@Article{martinezsantiago,
 author = {Mart\'{\i}nez-Santiago, F. and Garc\'{\i}a-Cumbreras, M. A. and Ure\~{n}a-L\`{o}pez, L. A.},
 title = {Does Pseudo-relevance Feedback Improve Distributed Information Retrieval Systems?},
 journal = {IP\&M},
 issue_date = {September 2006},
 volume = {42},
 number = {5},
 year = {2006},
 issn = {0306-4573},
 pages = {1151--1162},
 numpages = {12},
 acmid = {1150957},
} 

@article{Salton:1968:CEI:321439.321441,
 author = {Salton, G. and Lesk, M. E.},
 title = {Computer Evaluation of Indexing and Text Processing},
 journal = {J. ACM},
 issue_date = {Jan. 1968},
 volume = {15},
 number = {1},
 year = {1968},
 issn = {0004-5411},
 pages = {8--36},
 numpages = {29},
 acmid = {321441},
} 

@article {ASI:ASI4630360102,
author = {Wang, Y.-C. and Vandendorpe, J. and Evens, M.},
title = {Relational thesauri in information retrieval},
journal = {JASIS},
volume = {36},
number = {1},
issn = {1097-4571},
pages = {15--27},
year = {1985},
}


@inproceedings{Voorhees:1994:QEU:188490.188508,
 author = {Voorhees, E. M.},
 title = {Query Expansion Using Lexical-semantic Relations},
 booktitle = {SIGIR '94},
 year = {1994},
 isbn = {0-387-19889-X},
 location = {Dublin, Ireland},
 pages = {61--69},
 numpages = {9},
 acmid = {188508},
} 

@article{Miller:1995:WLD:219717.219748,
 author = {Miller, G. A.},
 title = {WordNet: A Lexical Database for English},
 journal = {CACM},
 volume = {38},
 number = {11},
 year = {1995},
 issn = {0001-0782},
 pages = {39--41},
 numpages = {3},
 acmid = {219748},
} 

@Article{semcor,
 Title = {SEMCOR Semantically tagged corpus},
 Author = {Mihalcea, R.},
 Year = {1998},
 Month = {11},
}

@Article{termreweighting,
 Author = {Wang, C. and Du, Y. and Zhang, P. and Han, B.},
 Title = {A Term-Reweighting Method for Query Expansion},
 Booktotle={JCIS},
 Year = {2010},
 Month = {11},
 Volume = {6},
}

@inproceedings{Trotman:2014:IBL:2682862.2682863,
 author = {Trotman, A. and Puurula, A. and Burgess, B.},
 title = {Improvements to BM25 and Language Models Examined},
 booktitle = {ADCS '14},
 year = {2014},
 isbn = {978-1-4503-3000-8},
 location = {Melbourne, VIC, Australia},
 pages = {58:58--58:65},
 acmid = {2682863},
} 

@article{Trotman:2012:OSI:2422256.2422269,
 author = {Trotman, A. and Clarke, C. L. A. and Ounis, I. and Culpepper, S. and Cartright, M.-A. and Geva, S.},
 title = {Open Source Information Retrieval: A Report on the SIGIR 2012 Workshop},
 journal = {SIGIR Forum},
 issue_date = {December 2012},
 volume = {46},
 number = {2},
 year = {2012},
 issn = {0163-5840},
 pages = {95--101},
 numpages = {7},
 acmid = {2422269},
}

@inproceedings{Lv:2010:PRM:1835449.1835546,
 author = {Lv, Y. and Zhai, C.},
 title = {Positional Relevance Model for Pseudo-relevance Feedback},
 booktitle = {SIGIR '10},
 year = {2010},
 isbn = {978-1-4503-0153-4},
 location = {Geneva, Switzerland},
 pages = {579--586},
 numpages = {8},
 acmid = {1835546},
} 

@inproceedings{Xu:1996:QEU:243199.243202,
 author = {Xu, J. and Croft, W. B.},
 title = {Query Expansion Using Local and Global Document Analysis},
 booktitle = {SIGIR '96},
 year = {1996},
 isbn = {0-89791-792-8},
 pages = {4--11},
 numpages = {8},
 acmid = {243202},
} 

@inproceedings{Lee:2007:IRS:1277741.1277891,
 author = {Lee, L.},
 title = {IDF Revisited: A Simple New Derivation Within the Robertson-Sp\"{a}rck Jones Probabilistic Model},
 booktitle = {SIGIR '07},
 year = {2007},
 isbn = {978-1-59593-597-7},
 location = {Amsterdam, The Netherlands},
 pages = {751--752},
 numpages = {2},
 acmid = {1277891},
} 

@inproceedings{abdul2004umass,
  title={UMass at TREC 2004: Novelty and HARD},
  author={Abdul-Jaleel, N. and Allan, J. and Croft, W.B. and Diaz, F. and Larkey, L. and Li, X. and Smucker, M.D. and Wade, C.},
  year={2004},
  booktitle={TREC 2004},
}

@inproceedings{Bai:2005:QEU:1099554.1099725,
 author = {Bai, J. and Song, D. and Bruza, P. and Nie, J.-Y. and Cao, G.},
 title = {Query Expansion Using Term Relationships in Language Models for Information Retrieval},
 booktitle = {CIKM '05},
 year = {2005},
 isbn = {1-59593-140-6},
 location = {Bremen, Germany},
 pages = {688--695},
 numpages = {8},
 acmid = {1099725},
} 

@inproceedings{Crimp:2017:ATR:3166072.3166074,
 author = {Crimp, Reuben and Trotman, Andrew},
 title = {Automatic Term Reweighting for Query Expansion},
 booktitle = {Proceedings of the 22Nd Australasian Document Computing Symposium},
 series = {ADCS 2017},
 year = {2017},
 isbn = {978-1-4503-6391-4},
 location = {Brisbane, QLD, Australia},
 pages = {3:1--3:4},
 articleno = {3},
 numpages = {4},
 acmid = {3166074},
 publisher = {ACM},
 address = {New York, NY, USA},
 keywords = {Ad-hoc Retrieval, Query Expansion, Roget, Thesaurus, WordNet, tf-merging},
 doi = {10.1145/3166072.3166074},
 url = {http://doi.acm.org/10.1145/3166072.3166074},
} 



%% relevance feedback
% okapi relevance feedback
% model relevance feedback purula
% third for good luck

%% other
% neural net reference
% translation reference
% TREC reference include (AP MAP)

%% go through these
% http://terrierteam.dcs.gla.ac.uk/publications/he09ecir.pdf
% https://books.google.co.nz/books?id=NroUu1N1e7YC&pg=PA54&lpg=PA54&dq=trotman+%22query+expansion%22&source=bl&ots=0RRRuQLmAO&sig=T7QpASZCedomrzqr2x0PeJMjBJ8&hl=en&sa=X&ved=0ahUKEwjE09f924LWAhXEVLwKHVI3Ab8Q6AEIRjAF#v=onepage&q=trotman%20%22query%20expansion%22&f=false
% https://books.google.co.nz/books?id=tSZqCQAAQBAJ&pg=PA384&lpg=PA384&dq=trotman+%22term+frequency%22&source=bl&ots=yc_TWhiSNs&sig=XQqbZkSfnClKeixPnabR7Pj4LZM&hl=en&sa=X&ved=0ahUKEwjLr5La0oLWAhXLa7wKHQxvDbcQ6AEIKjAA#v=onepage&q=trotman%20%22term%20frequency%22&f=false
% http://www.cs.otago.ac.nz/homepages/andrew/papers/2003-3.pdf
% http://www.cs.otago.ac.nz/homepages/andrew/papers/2010-2.pdf
% http://www.cs.otago.ac.nz/cosc431/L8%20-%20Relevance%20Feedback.pdf
% http://citeseerx.ist.psu.edu/viewdoc/download?doi=10.1.1.51.5102&rep=rep1&type=pdf
% http://terrierteam.dcs.gla.ac.uk/publications/he09ecir.pdf

%  1971 

% Trotman 2004
@inproceedings{Trotman:2004:AIA:1008992.1009150,
 author = {Trotman, Andrew},
 title = {An Artificial Intelligence Approach to Information Retrieval (Abstract Only)},
 booktitle = {SIGIR '04},
 year = {2004},
 isbn = {1-58113-881-4},
 location = {Sheffield, United Kingdom},
 pages = {603--603},
 numpages = {1},
 acmid = {1009150},
}

% Krovetz 1992
@article{Krovetz:1992:LAI:146802.146810,
 author = {Krovetz, R. and Croft, W. B.},
 title = {Lexical Ambiguity and Information Retrieval},
 journal = {TOIS},
 issue_date = {April 1992},
 volume = {10},
 number = {2},
 month = apr,
 year = {1992},
 issn = {1046-8188},
 pages = {115--141},
 numpages = {27},
 acmid = {146810},
} 

% Sanderson 2000
@article{Sanderson:2000:RGS:593954.593976,
 author = {Sanderson, M.},
 title = {Retrieving with Good Sense},
 journal = {IRJ},
 issue_date = {February 2000},
 volume = {2},
 number = {1},
 month = feb,
 year = {2000},
 issn = {1386-4564},
 pages = {49--69},
 numpages = {21},
 acmid = {593976},
} 

% 27668467 

@Article{termreweighting,
 Author = {Wang, C. and Du, Y. and Zhang, P. and Han, B.},
 Title = {A Term-Reweighting Method for Query Expansion},
 Booktotle={JCIS},
 Year = {2010},
 Month = {11},
 Volume = {6},
}

@inproceedings{Lv:2010:PRM:1835449.1835546,
 author = {Lv, Y. and Zhai, C.},
 title = {Positional Relevance Model for Pseudo-relevance Feedback},
 booktitle = {SIGIR '10},
 year = {2010},
 isbn = {978-1-4503-0153-4},
 location = {Geneva, Switzerland},
 pages = {579--586},
 numpages = {8},
 acmid = {1835546},
} 

@inproceedings{Xu:1996:QEU:243199.243202,
 author = {Xu, J. and Croft, W. B.},
 title = {Query Expansion Using Local and Global Document Analysis},
 booktitle = {SIGIR '96},
 year = {1996},
 isbn = {0-89791-792-8},
 pages = {4--11},
 numpages = {8},
 acmid = {243202},
} 

@inproceedings{Wu:1994:VSL:981732.981751,
 author = {Wu, Zhibiao and Palmer, Martha},
 title = {Verbs Semantics and Lexical Selection},
 booktitle = {Proceedings of the 32Nd Annual Meeting on Association for Computational Linguistics},
 series = {ACL '94},
 year = {1994},
 location = {Las Cruces, New Mexico},
 pages = {133--138},
 numpages = {6},
 acmid = {981751},
 publisher = {Association for Computational Linguistics},
 address = {Stroudsburg, PA, USA},
 doi = {10.3115/981732.981751},
 url = {https://doi.org/10.3115/981732.981751},
} 

@inproceedings{Johnson:2000:PCS:338219.338637,
 author = {Johnson, David S. and Minkoff, Maria and Phillips, Steven},
 title = {The Prize Collecting Steiner Tree Problem: Theory and Practice},
 booktitle = {Proceedings of the Eleventh Annual ACM-SIAM Symposium on Discrete Algorithms},
 series = {SODA '00},
 year = {2000},
 isbn = {0-89871-453-2},
 location = {San Francisco, California, USA},
 pages = {760--769},
 numpages = {10},
 acmid = {338637},
 publisher = {Society for Industrial and Applied Mathematics},
 address = {Philadelphia, PA, USA},
 url = {http://dl.acm.org/citation.cfm?id=338219.338637},
} 

@article{robertsonandsparckjones,
author={Robertson,S. E. and K,Sparck J.},
year={1976},
month={May},
title={Relevance Weighting of Search Terms},
journal={Journal of the American Society for Information Science (pre-1986)},
volume={27},
number={3},
pages={129},
note={Copyright - Copyright Wiley Periodicals Inc. May/Jun 1976; Last updated - 2010-06-09},
abstract={This paper examines statistical techniques for exploit ing relevance information to weight search terms. These techniques are presented as a natural extension of weight ing methods using information about the distribution of index terms in documents in general. A series of relevance weighting functions is derived and is justified by theoretical considerations. In particular, it is shown that specific weighted search methods are implied by a general prob abilistic theory of retrieval. Different applications of relevance weighting are illustrated by experimental re sults for test collections.},
keywords={Library And Information Sciences},
isbn={00028231},
language={en},
url={https://search.proquest.com/docview/216630448?accountid=14700},
}

@article{article123,
author = {E. Doszkocs, Tamas},
year = {1978},
month = {12},
pages = {163-173},
title = {AID, An Associative Interactive Dictionary for Online Searching},
volume = {2},
journal = {Online Information Review},
doi = {10.1108/eb023972}
}

@article{Robertson:1991:TSQ:104889.104901,
 author = {Robertson, S. E.},
 title = {On Term Selection for Query Expansion},
 journal = {J. Doc.},
 issue_date = {Dec. 1990},
 volume = {46},
 number = {4},
 month = jan,
 year = {1991},
 issn = {0022-0418},
 pages = {359--364},
 numpages = {6},
 acmid = {104901},
 publisher = {Aslib, The Association for Information Management},
 address = {London, UK, UK},
 
 doi = {10.1108/eb026866},
  url = {http://dx.doi.org/10.1108/eb026866},
} 

@article{Carpineto:2001:IAA:366836.366860,
 author = {Carpineto, Claudio and de Mori, Renato and Romano, Giovanni and Bigi, Brigitte},
 title = {An Information-theoretic Approach to Automatic Query Expansion},
 journal = {ACM Trans. Inf. Syst.},
 issue_date = {Jan. 2001},
 volume = {19},
 number = {1},
 month = jan,
 year = {2001},
 issn = {1046-8188},
 pages = {1--27},
 numpages = {27},
 acmid = {366860},
 publisher = {ACM},
 address = {New York, NY, USA},
   doi = {10.1145/366836.366860},
  url = {http://doi.acm.org/10.1145/366836.366860},
 keywords = {automatic query expansion, information retrieval, information theory, pseudorelevance feedback},
} 

@article {Manda327833,
	author = {Manda, Prashanti and Vision, Todd},
	title = {An analysis and comparison of the statistical sensitivity of semantic similarity metrics},
	year = {2018},
	publisher = {Cold Spring Harbor Laboratory},
	journal = {bioRxiv},
	eprint = {https://www.biorxiv.org/content/early/2018/05/22/327833.full.pdf},
	doi = {10.1101/327833},
    url = {https://www.biorxiv.org/content/early/2018/05/22/327833},
}

@article{ghazanfar2008evolution,
  title={Evolution of human vocal production},
  author={Ghazanfar, Asif A and Rendall, Drew},
  journal={Current Biology},
  volume={18},
  number={11},
  pages={R457--R460},
  year={2008},
  publisher={Elsevier}
}

@article{castro2004evolution,
  title={The evolution of culture: from primate social learning to human culture},
  author={Castro, Laureano and Toro, Miguel A},
  journal={Proceedings of the National Academy of Sciences},
  volume={101},
  number={27},
  pages={10235--10240},
  year={2004},
  publisher={National Acad Sciences}
}
@article{whiten2000primate,
  title={Primate culture and social learning},
  author={Whiten, Andrew},
  journal={Cognitive Science},
  volume={24},
  number={3},
  pages={477--508},
  year={2000},
  publisher={Wiley Online Library}
}

@book{chandler2017semiotics,
  title={Semiotics: the basics},
  author={Chandler, Daniel},
  year={2017},
  publisher={Taylor \& Francis}
}

@article{jansen2008determining,
  title={Determining the informational, navigational, and transactional intent of Web queries},
  author={Jansen, Bernard J and Booth, Danielle L and Spink, Amanda},
  journal={Information Processing \& Management},
  volume={44},
  number={3},
  pages={1251--1266},
  year={2008},
  publisher={Elsevier}
}

@book{enge2012art,
  title={The art of SEO},
  author={Enge, Eric and Spencer, Stephan and Fishkin, Rand and Stricchiola, Jessie},
  year={2012},
  publisher={" O'Reilly Media, Inc."}
}

@misc{googlequerysubstitution,
 title={Using concepts as contexts for query term substitutions},
 author={Kedar Dhamdhere, Thomas Strohmann, P. Pandurang Nayak, Robert Spalek},
 year={U.S. Patent 9104750B1, 2012-05-22}
 }
 @misc{googlequeryrefinement,
 title={System and method for providing search query refinements},
 author={Haahr, Paul; et al.},
 year={U.S. Patent 20050055341, March 10, 2005}
 }
 
 @article{maron1960relevance,
  title={On relevance, probabilistic indexing and information retrieval},
  author={Maron, Melvin Earl and Kuhns, John Larry},
  journal={Journal of the ACM (JACM)},
  volume={7},
  number={3},
  pages={216--244},
  year={1960},
  publisher={ACM New York, NY, USA}
}

@book{darwin1871descent,
  title={The descent of man and selection in relation to sex: in two volumes: with illustrations},
  author={Darwin, Charles Robert},
  year={1871},
  publisher={J. Murray}
}

@article{wood2000human,
  title={Human evolution: taxonomy and paleobiology},
  author={Wood, Bernard and Richmond, Brian G},
  journal={Journal of anatomy},
  volume={197},
  number={1},
  pages={19--60},
  year={2000},
  publisher={Wiley Online Library}
}
@article{mithen2006singing,
  title={The Singing Neanderthals: the Origins of Music, Language, Mind and Body},
  author={Mithen, Steven and Morley, Iain and Wray, Alison and Tallerman, Maggie and Gamble, Clive},
  journal={Cambridge Archaeological Journal},
  volume={16},
  number={1},
  pages={97--112},
  year={2006},
  publisher={Cambridge University Press}
}

@article{de2017evolution,
  title={Evolution of speech and evolution of language},
  author={De Boer, Bart},
  journal={Psychonomic bulletin \& review},
  volume={24},
  number={1},
  pages={158--162},
  year={2017},
  publisher={Springer}
}

@inbook{geary2011other,
  title={I is an other: The secret life of metaphor and how it shapes the way we see the world},
  author={Geary, James},
  year={2011},
  publisher={HarperCollins New York, NY},
  pages={5}
}

@article{lewis1996natural,
  title={Natural language processing for information retrieval},
  author={Lewis, David D and Jones, Karen Sp{\"a}rck},
  journal={Communications of the ACM},
  volume={39},
  number={1},
  pages={92--101},
  year={1996},
  publisher={ACM New York, NY, USA}
}

@inproceedings{broder2002taxonomy,
  title={A taxonomy of web search},
  author={Broder, Andrei},
  booktitle={ACM Sigir forum},
  volume={36},
  number={2},
  pages={3--10},
  year={2002},
  organization={ACM New York, NY, USA}
}

@article{singhal2012introducing,
  title={Introducing the knowledge graph: things, not strings},
  author={Singhal, Amit},
  journal={Official google blog},
  volume={5},
  pages={16},
  year={2012}
}

@article{wolfram2012wolframalpha,
  title={WolframAlpha{\textregistered} computational knowledge engine},
  author={Wolfram, Stephen},
  journal={URL: http://www. wolfram. com},
  year={2012}
}

@article{jones1972statistical,
  title={A statistical interpretation of term specificity and its application in retrieval},
  author={Jones, Karen Sparck},
  journal={Journal of documentation},
  year={1972},
  publisher={MCB UP Ltd}
}

@article{zipf1949human,
  title={Human behaviour and the principle of least-effort. Cambridge MA edn},
  author={Zipf, George Kingsley},
  journal={Reading: Addison-Wesley},
  year={1949}
}

@article{shannon1948mathematical,
  title={A mathematical theory of communication},
  author={Shannon, Claude E},
  journal={The Bell system technical journal},
  volume={27},
  number={3},
  pages={379--423},
  year={1948},
  publisher={Nokia Bell Labs}
}

@article{yu2018zipf,
  title={Zipf's law in 50 languages: its structural pattern, linguistic interpretation, and cognitive motivation},
  author={Yu, Shuiyuan and Xu, Chunshan and Liu, Haitao},
  journal={arXiv preprint arXiv:1807.01855},
  year={2018}
}

@article{robertson1995okapi,
  title={Okapi at TREC-3},
  author={Robertson, Stephen E and Walker, Steve and Jones, Susan and Hancock-Beaulieu, Micheline M and Gatford, Mike and others},
  journal={Nist Special Publication Sp},
  volume={109},
  pages={109},
  year={1995},
  publisher={NATIONAL INSTIUTE OF STANDARDS \& TECHNOLOGY}
}

@article{idftheory,
author = {Robertson, Stephen},
year = {2004},
month = {10},
pages = {503-520},
title = {Understanding Inverse Document Frequency: On Theoretical Arguments for IDF},
volume = {60},
journal = {Journal of Documentation - J DOC},
doi = {10.1108/00220410410560582}
}

@article{robertson1976relevance,
  title={Relevance weighting of search terms},
  author={Robertson, Stephen E and Jones, K Sparck},
  journal={Journal of the American Society for Information science},
  volume={27},
  number={3},
  pages={129--146},
  year={1976},
  publisher={Wiley Online Library}
}

@inproceedings{robertson1997relevance,
  title={On relevance weights with little relevance information},
  author={Robertson, Stephen E and Walker, Steve},
  booktitle={Proceedings of the 20th annual international ACM SIGIR conference on Research and development in information retrieval},
  pages={16--24},
  year={1997}
}

@article{harter1975probabilistic,
  title={A probabilistic approach to automatic keyword indexing. Part I. On the distribution of specialty words in a technical literature},
  author={Harter, Stephen P},
  journal={Journal of the american society for information science},
  volume={26},
  number={4},
  pages={197--206},
  year={1975},
  publisher={Wiley Online Library}
}

@article{jones2000probabilistic,
  title={A probabilistic model of information retrieval: development and comparative experiments: Part 2},
  author={Jones, K Sparck and Walker, Steve and Robertson, Stephen E.},
  journal={Information processing \& management},
  volume={36},
  number={6},
  pages={809--840},
  year={2000},
  publisher={Elsevier}
}

@inproceedings{bailey2016uqv100,
  title={UQV100: A test collection with query variability},
  author={Bailey, Peter and Moffat, Alistair and Scholer, Falk and Thomas, Paul},
  booktitle={Proceedings of the 39th International ACM SIGIR conference on Research and Development in Information Retrieval},
  pages={725--728},
  year={2016}
}

@inproceedings{bailey2015user,
  title={User variability and IR system evaluation},
  author={Bailey, Peter and Moffat, Alistair and Scholer, Falk and Thomas, Paul},
  booktitle={Proceedings of The 38th International ACM SIGIR conference on research and development in Information Retrieval},
  pages={625--634},
  year={2015}
}

% C. Buckley and J. Walz. The TREC-8 query track. In Proc. TREC,
% 1999. NIST Special Publication 500-246.
@inproceedings{buckley1999trec,
  title={The TREC-8 query track},
  author={Buckley, Chris and Walz, Janet},
  booktitle={TREC},
  year={1999}
}

@article{bookstein1974probabilistic,
  title={Probabilistic models for automatic indexing},
  author={Bookstein, Abraham and Swanson, Don R},
  journal={Journal of the American Society for Information science},
  volume={25},
  number={5},
  pages={312--316},
  year={1974},
  publisher={Wiley Online Library}
}

@article{wang2019superglue,
  title={Superglue: A stickier benchmark for general-purpose language understanding systems},
  author={Wang, Alex and Pruksachatkun, Yada and Nangia, Nikita and Singh, Amanpreet and Michael, Julian and Hill, Felix and Levy, Omer and Bowman, Samuel R},
  journal={arXiv preprint arXiv:1905.00537},
  year={2019}
}

@article{kekalainen2002using,
  title={Using graded relevance assessments in IR evaluation},
  author={Kek{\"a}l{\"a}inen, Jaana and J{\"a}rvelin, Kalervo},
  journal={Journal of the American Society for Information Science and Technology},
  volume={53},
  number={13},
  pages={1120--1129},
  year={2002},
  publisher={Wiley Online Library}
}

@inproceedings{vechtomova2004use,
  title={Use of noun phrases in interactive search refinement},
  author={Vechtomova, Olga and Karamuftuoglu, Murat},
  booktitle={Workshop Description},
  year={2004}
}

@article{schamber1994relevance,
  title={Relevance and information behavior.},
  author={Schamber, Linda},
  journal={Annual review of information science and technology (ARIST)},
  volume={29},
  pages={3--48},
  year={1994},
  publisher={ERIC}
}

@article{lovins1968development,
  title={Development of a stemming algorithm.},
  author={Lovins, Julie Beth},
  journal={Mech. Transl. Comput. Linguistics},
  volume={11},
  number={1-2},
  pages={22--31},
  year={1968}
}

@article{porter1980algorithm,
  title={An algorithm for suffix stripping},
  author={Porter, Martin F},
  journal={Program},
  year={1980},
  publisher={MCB UP Ltd}
}

@inproceedings{paice1990another,
  title={Another stemmer},
  author={Paice, Chris D},
  booktitle={ACM Sigir Forum},
  volume={24},
  number={3},
  pages={56--61},
  year={1990},
  organization={ACM New York, NY, USA}
}

@article{dawson1974suffix,
  title={Suffix removal and word conflation},
  author={Dawson, John},
  journal={ALLC bulletin},
  volume={2},
  number={3},
  pages={33--46},
  year={1974}
}

@article{toman2006influence,
  title={Influence of word normalization on text classification},
  author={Toman, Michal and Tesar, Roman and Jezek, Karel},
  journal={Proceedings of InSciT},
  volume={4},
  pages={354--358},
  year={2006}
}

@article{majumder2007yass,
  title={YASS: Yet another suffix stripper},
  author={Majumder, Prasenjit and Mitra, Mandar and Parui, Swapan K and Kole, Gobinda and Mitra, Pabitra and Datta, Kalyankumar},
  journal={ACM transactions on information systems (TOIS)},
  volume={25},
  number={4},
  pages={18--es},
  year={2007},
  publisher={ACM New York, NY, USA}
}

@article{krovetz2000viewing,
  title={Viewing morphology as an inference process},
  author={Krovetz, Robert},
  journal={Artificial intelligence},
  volume={118},
  number={1-2},
  pages={277--294},
  year={2000},
  publisher={Elsevier}
}

@article{grefenstette1996detailed,
  title={A detailed analysis of English stemming algorithms},
  author={Grefenstette, David A Hull Gregory},
  journal={Rank Xerox Research Centre},
  volume={6},
  pages={1--16},
  year={1996},
  publisher={Citeseer}
}

@article{xu1998corpus,
  title={Corpus-based stemming using cooccurrence of word variants},
  author={Xu, Jinxi and Croft, W Bruce},
  journal={ACM Transactions on Information Systems (TOIS)},
  volume={16},
  number={1},
  pages={61--81},
  year={1998},
  publisher={ACM New York, NY, USA}
}

@inproceedings{peng2007context,
  title={Context sensitive stemming for web search},
  author={Peng, Fuchun and Ahmed, Nawaaz and Li, Xin and Lu, Yumao},
  booktitle={Proceedings of the 30th annual international ACM SIGIR conference on Research and development in information retrieval},
  pages={639--646},
  year={2007}
}

@article{jivani2011comparative,
  title={A comparative study of stemming algorithms},
  author={Jivani, Anjali Ganesh and others},
  journal={Int. J. Comp. Tech. Appl},
  volume={2},
  number={6},
  pages={1930--1938},
  year={2011}
}

@inproceedings{mandala1998use,
  title={The use of WordNet in information retrieval},
  author={Mandala, Rila and Tokunaga, Takenobu and Tanaka, Hozumi},
  booktitle={Usage of WordNet in Natural Language Processing Systems},
  year={1998}
}

@article{gabrilovich2009classifying,
  title={Classifying search queries using the web as a source of knowledge},
  author={Gabrilovich, Evgeniy and Broder, Andrei and Fontoura, Marcus and Joshi, Amruta and Josifovski, Vanja and Riedel, Lance and Zhang, Tong},
  journal={ACM Transactions on the Web (TWEB)},
  volume={3},
  number={2},
  pages={1--28},
  year={2009},
  publisher={ACM New York, NY, USA}
}

@article{raza2019survey,
  title={A survey of statistical approaches for query expansion},
  author={Raza, Muhammad Ahsan and Mokhtar, Rahmah and Ahmad, Noraziah},
  journal={Knowledge and information systems},
  volume={61},
  number={1},
  pages={1--25},
  year={2019},
  publisher={Springer}
}

@inproceedings{qiu1993concept,
  title={Concept based query expansion},
  author={Qiu, Yonggang and Frei, Hans-Peter},
  booktitle={Proceedings of the 16th annual international ACM SIGIR conference on Research and development in information retrieval},
  pages={160--169},
  year={1993}
}

@inproceedings{navigli2003analysis,
  title={An analysis of ontology-based query expansion strategies},
  author={Navigli, Roberto and Velardi, Paola},
  booktitle={Proceedings of the 14th European conference on machine learning, workshop on adaptive text extraction and mining, Cavtat-Dubrovnik, Croatia},
  pages={42--49},
  year={2003}
}

@inproceedings{suomela2005ontology,
  title={Ontology as a search-tool: A study of real users’ query formulation with and without conceptual support},
  author={Suomela, Sari and Kek{\"a}l{\"a}inen, Jaana},
  booktitle={European Conference on Information Retrieval},
  pages={315--329},
  year={2005},
  organization={Springer}
}

@article{sihvonen2004subject,
  title={Subject knowledge improves interactive query expansion assisted by a thesaurus},
  author={Sihvonen, Anne and Vakkari, Pertti},
  journal={Journal of Documentation},
  year={2004},
  publisher={Emerald Group Publishing Limited}
}

@book{jing1994association,
  title={An association thesaurus for information retrieval},
  author={Jing, Yufeng and Croft, W Bruce},
  year={1994},
  publisher={Citeseer}
}

@article{buckley1995automatic,
  title={Automatic query expansion using SMART: TREC 3},
  author={Buckley, Chris and Salton, Gerard and Allan, James and Singhal, Amit},
  journal={NIST special publication sp},
  pages={69--69},
  year={1995},
  publisher={NATIONAL INSTIUTE OF STANDARDS \& TECHNOLOGY}
}

@article{bhogal2007review,
  title={A review of ontology based query expansion},
  author={Bhogal, Jagdev and MacFarlane, Andrew and Smith, Peter},
  journal={Information processing \& management},
  volume={43},
  number={4},
  pages={866--886},
  year={2007},
  publisher={Elsevier}
}

@inproceedings{biswas1986knowledge,
  title={A knowledge-based approach to online document retrieval system design},
  author={Biswas, G and Bezdek, JC and Oakman, RL},
  booktitle={Proceedings of the ACM SIGART international symposium on Methodologies for intelligent systems},
  pages={112--120},
  year={1986}
}

@article{kim1990model,
  title={A model of knowledge based information retrieval with hierarchical concept graph},
  author={Kim, Young Whan and Kim, Jin H},
  journal={Journal of Documentation},
  year={1990},
  publisher={MCB UP Ltd}
}

@article{jones1993thesaurus,
  title={A thesaurus data model for an intelligent retrieval system},
  author={Jones, Susan},
  journal={Journal of Information Science},
  volume={19},
  number={3},
  pages={167--178},
  year={1993},
  publisher={Sage Publications Sage UK: London, England}
}

@article{rivas2014study,
  title={Study of query expansion techniques and their application in the biomedical information retrieval},
  author={Rivas, Andreia Rodr{\i}guez and Iglesias, Eva Lorenzo and Borrajo, L},
  journal={The Scientific World Journal},
  volume={2014},
  year={2014},
  publisher={Hindawi}
}

@inproceedings{crouch1992experiments,
  title={Experiments in automatic statistical thesaurus construction},
  author={Crouch, Carolyn J and Yang, Bokyung},
  booktitle={Proceedings of the 15th annual international ACM SIGIR conference on Research and development in information retrieval},
  pages={77--88},
  year={1992}
}

@book{cruse1986lexical,
  title={Lexical semantics},
  author={Cruse, D Alan and Cruse, David Alan and Cruse, D A and Cruse, D A},
  year={1986},
  publisher={Cambridge university press}
}

@book{osgood1957measurement,
  title={The measurement of meaning},
  author={Osgood, Charles Egerton and Suci, George J and Tannenbaum, Percy H},
  number={47},
  year={1957},
  publisher={University of Illinois press}
}

@article{brown1958shall,
  title={How shall a thing be called?},
  author={Brown, Roger},
  journal={Psychological review},
  volume={65},
  number={1},
  pages={14},
  year={1958},
  publisher={American Psychological Association}
}

@article{robertson1993comparison,
  title={A comparison of spelling-correction methods for the identification of word forms in historical text databases},
  author={Robertson, Alexander M and Willett, Peter},
  journal={Literary and linguistic computing},
  volume={8},
  number={3},
  pages={143--152},
  year={1993},
  publisher={Oxford University Press}
}

@inproceedings{harman1992relevance,
  title={Relevance feedback revisited},
  author={Harman, Donna},
  booktitle={Proceedings of the 15th annual international ACM SIGIR conference on Research and development in information retrieval},
  pages={1--10},
  year={1992}
}

@book{voorhees2005trec,
  title={TREC: Experiment and evaluation in information retrieval},
  author={Voorhees, Ellen M and Harman, Donna K and others},
  volume={63},
  year={2005},
  publisher={MIT press Cambridge, MA}
}

@inproceedings{billerbeck2004questioning,
  title={Questioning query expansion: An examination of behaviour and parameters},
  author={Billerbeck, Bodo and Zobel, Justin},
  booktitle={Proceedings of the 15th Australasian database conference-Volume 27},
  pages={69--76},
  year={2004},
  organization={Citeseer}
}

@article{justeson1991co,
  title={Co-occurrences of antonymous adjectives and their contexts},
  author={Justeson, John S and Katz, Slava M},
  journal={Computational linguistics},
  volume={17},
  number={1},
  pages={1--20},
  year={1991}
}

@book{rohmann2016christianity,
  title={Christianity, book-burning and censorship in late antiquity: studies in text transmission},
  author={Rohmann, Dirk},
  year={2016},
  publisher={de Gruyter}
}

@book{kenny2010new,
  title={A new history of Western philosophy},
  author={Kenny, Anthony},
  year={2010},
  publisher={Oxford University Press}
}

@inproceedings{risvik2003multi,
  title={Multi-Tier Architecture for Web Search Engines.},
  author={Risvik, Knut Magne and Aasheim, Yngve and Lidal, Mathias},
  booktitle={LA-WEB},
  volume={3},
  pages={132},
  year={2003}
}

@book{baeza1999modern,
  title={Modern information retrieval: The Concepts and Technology Behind Search},
  author={Baeza-Yates, Ricardo and Ribeiro-Neto, Berthier and others},
  volume={463},
  year={2011},
  publisher={Addison-Wesley Professional},
  edition={2}
}


@book{trask1999key,
  title={Key concepts in language and linguistics},
  author={Trask, Robert Lawrence and Trask, Robert Lawrence},
  year={1999},
  publisher={Psychology Press}
}

@book{lycan2018philosophy,
  title={Philosophy of language: A contemporary introduction},
  author={Lycan, William G},
  year={2018},
  publisher={Routledge}
}

@book{pinker2007stuff,
  title={The stuff of thought: Language as a window into human nature},
  author={Pinker, Steven},
  year={2007},
  publisher={Penguin}
}

@book{pinker2015words,
  title={Words and rules: The ingredients of language},
  author={Pinker, Steven},
  year={2015},
  publisher={Basic Books}
}

@book{pinker2003language,
  title={The language instinct: How the mind creates language},
  author={Pinker, Steven},
  year={2003},
  publisher={Penguin UK}
}

@book{bryson1990mother,
  title={The mother tongue: English \& how it got that way},
  author={Bryson, Bill and Case, David},
  year={1990},
  publisher={W. Morrow}
}

@book{forsyth2014elements,
  title={The elements of eloquence: Secrets of the perfect turn of phrase},
  author={Forsyth, Mark},
  year={2014},
  publisher={Penguin}
}

@book{fogelin2011figuratively,
  title={Figuratively speaking: Revised edition},
  author={Fogelin, Robert J},
  year={2011},
  publisher={Oxford University Press}
}

@book{leech2014linguistic,
  title={A linguistic guide to English poetry},
  author={Leech, Geoffrey N},
  volume={4},
  year={2014},
  publisher={Routledge}
}

@inproceedings{robertson2008new,
  title={A new interpretation of average precision},
  author={Robertson, Stephen},
  booktitle={Proceedings of the 31st annual international ACM SIGIR conference on Research and development in information retrieval},
  pages={689--690},
  year={2008}
}

@inproceedings{buckley2017evaluating,
  title={Evaluating evaluation measure stability},
  author={Buckley, Chris and Voorhees, Ellen M},
  booktitle={ACM SIGIR Forum},
  volume={51},
  number={2},
  pages={235--242},
  year={2017},
  organization={ACM New York, NY, USA}
}

@inproceedings{su2015relationship,
  title={A relationship between the average precision and the area under the ROC curve},
  author={Su, Wanhua and Yuan, Yan and Zhu, Mu},
  booktitle={Proceedings of the 2015 International Conference on The Theory of Information Retrieval},
  pages={349--352},
  year={2015}
}

@book{david2006google,
  title={The Google Story},
  author={David, A and MALSEED, Mark},
  year={2006},
  publisher={Pan Books}
}

@book{de1989cours,
  title={Cours de linguistique g{\'e}n{\'e}rale},
  author={De Saussure, Ferdinand},
  volume={1},
  year={1989},
  publisher={Otto Harrassowitz Verlag}
}

@book{lucky1989silicon,
  title={Silicon dreams: information, man, and machine},
  author={Lucky, Robert W and Lucky, RW},
  year={1989},
  publisher={St. Martin's Press New York}
}

@book{taleb2012antifragile,
  title={Antifragile: Things that gain from disorder},
  author={Taleb, Nassim Nicholas},
  volume={3},
  year={2012},
  publisher={Random House Incorporated}
}

@book{parry1991aristotelian,
  title={Aristotelian logic},
  author={Parry, William T and Hacker, Edward A},
  year={1991},
  publisher={Suny Press}
}

@incollection{rosch1973internal,
  title={On the internal structure of perceptual and semantic categories},
  author={Rosch, Eleanor H},
  booktitle={Cognitive development and acquisition of language},
  pages={111--144},
  year={1973},
  publisher={Elsevier}
}

@article{rosch1975family,
  title={Family resemblances: Studies in the internal structure of categories},
  author={Rosch, Eleanor and Mervis, Carolyn B},
  journal={Cognitive psychology},
  volume={7},
  number={4},
  pages={573--605},
  year={1975},
  publisher={Elsevier}
}

@book{loprieno1995ancient,
  title={Ancient Egyptian: a linguistic introduction},
  author={Loprieno, Antonio},
  year={1995},
  publisher={Cambridge University Press}
}

@book{baxter2014old,
  title={Old Chinese: A new reconstruction},
  author={Baxter, William H and Sagart, Laurent},
  year={2014},
  publisher={Oxford University Press}
}

@book{jespersen1919growth,
  title={Growth and structure of the English language},
  author={Jespersen, Otto},
  year={1919},
  publisher={Teubner}
}

@book{torrey1985surviving,
  title={Surviving schizophrenia: A family manual.},
  author={Torrey, Edwin Fuller},
  year={1985},
  publisher={Harper \& Row Publishers}
}

@article{shafi2005precision,
  title={Precision and recall of five search engines for retrieval of scholarly information in the field of biotechnology},
  author={Shafi, SM and Rather, Rafiq A},
  journal={Webology},
  volume={2},
  number={2},
  pages={42--47},
  year={2005}
}

@book{whorf2012language,
  title={Language, thought, and reality: Selected writings of Benjamin Lee Whorf},
  author={Whorf, Benjamin Lee},
  year={2012},
  publisher={MIT press}
}

@article{hussein2012sapir,
  title={The sapir-whorf hypothesis today},
  author={Hussein, Basel Al-Sheikh},
  journal={Theory and Practice in Language Studies},
  volume={2},
  number={3},
  pages={642--646},
  year={2012},
  publisher={Citeseer}
}

@book{lakoff2008metaphors,
  title={Metaphors we live by},
  author={Lakoff, George and Johnson, Mark},
  year={2008},
  publisher={University of Chicago press}
}

@book{lakoff2008women,
  title={Women, fire, and dangerous things: What categories reveal about the mind},
  author={Lakoff, George},
  year={2008},
  publisher={University of Chicago press}
}

@incollection{grice1975logic,
  title={Logic and conversation},
  author={Grice, Herbert P},
  booktitle={Speech acts},
  pages={41--58},
  year={1975},
  publisher={Brill}
}

@book{austin1975things,
  title={How to do things with words},
  author={Austin, John Langshaw},
  year={1975},
  publisher={Oxford university press}
}

@article{searle1976classification,
  title={A classification of illocutionary acts1},
  author={Searle, John R},
  journal={Language in society},
  volume={5},
  number={1},
  pages={1--23},
  year={1976},
  publisher={Cambridge University Press}
}

@inproceedings{rajpurkar-etal-2016-squad,
    title = "{SQ}u{AD}: 100,000+ Questions for Machine Comprehension of Text",
    author = "Rajpurkar, Pranav  and
      Zhang, Jian  and
      Lopyrev, Konstantin  and
      Liang, Percy",
    booktitle = "Proceedings of the 2016 Conference on Empirical Methods in Natural Language Processing",
    month = nov,
    year = "2016",
    address = "Austin, Texas",
    publisher = "Association for Computational Linguistics",
    url = "https://www.aclweb.org/anthology/D16-1264",
    doi = "10.18653/v1/D16-1264",
    pages = "2383--2392",
}
